2026-06-01 * "沨哥网络" "经营码交易"
    source: "ALiPay"
    pay_time: "2026-06-01 18:44:09"
    deal_no: "2026060122001492651444104466"
    order_id: "2026060122001492651444104466"
    merchant_id: "17803106494522909392652"
    category: "其他"
    type: "支出"
    method: "工商银行信用卡(8393)&工商银行立减金&到店支付立减券"
    status: "交易成功"
    Expenses:Utilities:Phone:International           135.07 CNY
    Liabilities:CreditCard:ICBC-8393                -135.07 CNY

2026-06-01 * "Google" "Google Cloud"
    Expenses:Tech:Subscriptions:GoogleCloud            0.60 USD
    Liabilities:CreditCard:ICBC-5788                  -0.60 USD

2026-06-05 * "中国工商银行" "余额宝-转出到银行卡"
    source: "ALiPay"
    pay_time: "2026-06-05 19:50:30"
    deal_no: "20260605019130201010650030493364"
    order_id: "20260605019130201010650030493364"
    merchant_id: "LC2026060519503020885229093926527911"
    category: "投资理财"
    type: "不计收支"
    method: "中国工商银行储蓄卡(4931)"
    status: "交易成功"
    Assets:DebitCard:ICBC:4931                       554.06 CNY
    Assets:MMF:Alipay:YuEBao                        -554.06 CNY


2026-06-05 * "中国工商银行" "余额宝-转出到银行卡"
    source: "ALiPay"
    pay_time: "2026-06-05 19:51:24"
    deal_no: "20260605019130201010650030579603"
    order_id: "20260605019130201010650030579603"
    merchant_id: "LC2026060519512420885229093926529242"
    category: "投资理财"
    type: "不计收支"
    method: "中国工商银行储蓄卡(4931)"
    status: "交易成功"
    Assets:DebitCard:ICBC:4931                         0.01 CNY
    Assets:MMF:Alipay:YuEBao                          -0.01 CNY


2026-06-05 * "中国工商银行" "信用卡还款"
    source: "ALiPay"
    pay_time: "2026-06-05 19:47:20"
    deal_no: "2026060500003001650091251243"
    order_id: "2026060500003001650091251243"
    category: "信用借还"
    type: "不计收支"
    method: "余额宝"
    status: "还款成功"
    Liabilities:CreditCard:ICBC-8393                 599.75 CNY
    Assets:MMF:Alipay:YuEBao                        -599.75 CNY


2026-06-05 * "Giffgaff" "Giffgaff电话卡激活"
    Expenses:Utilities:Phone:International            10.00 GBP
    Liabilities:CreditCard:ICBC-5788                 -10.00 GBP


2026-06-05 * "中国工商银行" "信用卡提前还款"
    Liabilities:CreditCard:ICBC-8393                 305.04 CNY
    Assets:DebitCard:ICBC:4931                      -305.04 CNY


2026-06-05 * "中国工商银行" "信用卡提前还款"
    Liabilities:CreditCard:ICBC-5788                  10.00 GBP @@ 91.14 CNY
    Assets:DebitCard:ICBC:4931                       -91.14 CNY


2026-06-05 * "中国工商银行" "信用卡提前还款"
    Liabilities:CreditCard:ICBC-5788                  23.22 USD @@ 157.89 CNY
    Assets:DebitCard:ICBC:4931                      -157.89 CNY


2026-06-05 * "Apple" "Apple Gift Card"
    Assets:Digital:AppleID                            25.00 USD
    Liabilities:CreditCard:ICBC-5788                 -25.00 USD


2026-06-05 * "OpenAI" "ChatGPT CodeX"
    Expenses:Tech:Subscriptions:OpenAI                19.99 USD
    Assets:Digital:AppleID                           -19.99 USD


2026-06-07 * "零食有鸣（河南省南阳市宛城区建设中路店）" "河南省南阳市宛城区建设中路店零售商品"
    source: "ALiPay"
    pay_time: "2026-06-07 19:24:36"
    deal_no: "2026060722001492651415582797"
    order_id: "2026060722001492651415582797"
    merchant_id: "09126600004802000020260607192435409288849067"
    category: "餐饮美食"
    type: "支出"
    method: "工商银行信用卡(8393)&工商银行立减金"
    status: "交易成功"
    Expenses:Food:Snacks                              22.76 CNY
    Liabilities:CreditCard:ICBC-8393                 -22.76 CNY


2026-06-10 * "中国移动" "话费自动充值"
    source: "ALiPay"
    pay_time: "2026-06-10 07:03:34"
    deal_no: "2026061022001492651433778655"
    order_id: "2026061022001492651433778655"
    merchant_id: "00952026061007033413355605299704"
    category: "充值缴费"
    type: "支出"
    method: "工商银行信用卡(8393)&工商银行立减金"
    status: "交易成功"
    Expenses:Utilities:Phone                          29.89 CNY
    Liabilities:CreditCard:ICBC-8393                 -29.89 CNY


2026-06-10 * "苏州创欣博信息科技有限公司" "超值大礼包"
    source: "ALiPay"
    pay_time: "2026-06-10 12:26:20"
    deal_no: "2026061022001492651434269262"
    order_id: "2026061022001492651434269262"
    merchant_id: "dJCRQ202606101781065558347074"
    category: "其他"
    type: "支出"
    method: "工商银行信用卡(8393)&工商银行立减金"
    status: "交易成功"
    Expenses:Tech:Subscriptions:Proxy                 14.18 CNY
    Liabilities:CreditCard:ICBC-8393                 -14.18 CNY


2026-06-11 * "零食很忙" "南阳市宛城区栗尧食品销售店(个体工商户)"
    source: "ALiPay"
    pay_time: "2026-06-11 21:12:36"
    deal_no: "2026061123001492651443946612"
    order_id: "2026061123001492651443946612"
    merchant_id: "99106600004857000220260611MM8jc8mh"
    category: "餐饮美食"
    type: "支出"
    method: "工商银行信用卡(8393)"
    status: "交易成功"
    Expenses:Food:Snacks                              11.27 CNY
    Liabilities:CreditCard:ICBC-8393                 -11.27 CNY


2026-06-12 * "ICBC" "ICBCVisaMerchantRebate"
    Liabilities:CreditCard:ICBC-5788                   0.72 USD
    Income:Rebates                                    -0.72 USD


2026-06-13 * "零食很忙" "南阳市卧龙区雅涵食品商贸行(个体工商户)"
    source: "ALiPay"
    pay_time: "2026-06-13 18:42:38"
    deal_no: "2026061323001492651455835276"
    order_id: "2026061323001492651455835276"
    merchant_id: "37106600004857000220260613MMb4cueq"
    category: "餐饮美食"
    type: "支出"
    method: "工商银行信用卡(8393)&工商银行立减金"
    status: "交易成功"
    Expenses:Food:Snacks                              14.48 CNY
    Liabilities:CreditCard:ICBC-8393                 -14.48 CNY
