2026-06-01 * "沨哥网络" "经营码交易"
    source: "ALiPay"
    pay_time: "2026-06-01 18:44:09"
    deal_no: "2026060122001492651444104466"
    order_id: "2026060122001492651444104466"
    merchant_id: "17803106494522909392652"
    category: "其他"
    type: "支出"
    method: "工商银行信用卡(8393)&工商银行立减金&到店支付立减券"
    status: "交易成功"
    Expenses:Utilities:Phone:International           135.07 CNY
    Liabilities:CreditCard:ICBC-8393                -135.07 CNY

2026-06-01 * "Google" "Google Cloud"
    Expenses:Tech:Subscriptions:GoogleCloud            0.60 USD
    Liabilities:CreditCard:ICBC-5788                  -0.60 USD

2026-06-05 * "中国工商银行" "余额宝-转出到银行卡"
    source: "ALiPay"
    pay_time: "2026-06-05 19:50:30"
    deal_no: "20260605019130201010650030493364"
    order_id: "20260605019130201010650030493364"
    merchant_id: "LC2026060519503020885229093926527911"
    category: "投资理财"
    type: "不计收支"
    method: "中国工商银行储蓄卡(4931)"
    status: "交易成功"
    Assets:DebitCard:ICBC:4931                       554.06 CNY
    Assets:MMF:Alipay:YuEBao                        -554.06 CNY


2026-06-05 * "中国工商银行" "余额宝-转出到银行卡"
    source: "ALiPay"
    pay_time: "2026-06-05 19:51:24"
    deal_no: "20260605019130201010650030579603"
    order_id: "20260605019130201010650030579603"
    merchant_id: "LC2026060519512420885229093926529242"
    category: "投资理财"
    type: "不计收支"
    method: "中国工商银行储蓄卡(4931)"
    status: "交易成功"
    Assets:DebitCard:ICBC:4931                         0.01 CNY
    Assets:MMF:Alipay:YuEBao                          -0.01 CNY


2026-06-05 * "中国工商银行" "信用卡还款"
    source: "ALiPay"
    pay_time: "2026-06-05 19:47:20"
    deal_no: "2026060500003001650091251243"
    order_id: "2026060500003001650091251243"
    category: "信用借还"
    type: "不计收支"
    method: "余额宝"
    status: "还款成功"
    Liabilities:CreditCard:ICBC-8393                 599.75 CNY
    Assets:MMF:Alipay:YuEBao                        -599.75 CNY


2026-06-05 * "Giffgaff" "Giffgaff电话卡激活"
    Expenses:Utilities:Phone:International            10.00 GBP
    Liabilities:CreditCard:ICBC-5788                 -10.00 GBP


2026-06-05 * "中国工商银行" "信用卡提前还款"
    Liabilities:CreditCard:ICBC-8393                 305.04 CNY
    Assets:DebitCard:ICBC:4931                      -305.04 CNY


2026-06-05 * "中国工商银行" "信用卡提前还款"
    Liabilities:CreditCard:ICBC-5788                  10.00 GBP @@ 91.14 CNY
    Assets:DebitCard:ICBC:4931                       -91.14 CNY


2026-06-05 * "中国工商银行" "信用卡提前还款"
    Liabilities:CreditCard:ICBC-5788                  23.22 USD @@ 157.89 CNY
    Assets:DebitCard:ICBC:4931                      -157.89 CNY


2026-06-05 * "Apple" "Apple Gift Card"
    Assets:Digital:AppleID                            25.00 USD
    Liabilities:CreditCard:ICBC-5788                 -25.00 USD


2026-06-05 * "OpenAI" "ChatGPT CodeX"
    Expenses:Tech:Subscriptions:OpenAI                19.99 USD
    Assets:Digital:AppleID                           -19.99 USD


2026-06-07 * "零食有鸣（河南省南阳市宛城区建设中路店）" "河南省南阳市宛城区建设中路店零售商品"
    source: "ALiPay"
    pay_time: "2026-06-07 19:24:36"
    deal_no: "2026060722001492651415582797"
    order_id: "2026060722001492651415582797"
    merchant_id: "09126600004802000020260607192435409288849067"
    category: "餐饮美食"
    type: "支出"
    method: "工商银行信用卡(8393)&工商银行立减金"
    status: "交易成功"
    Expenses:Food:Snacks                              22.76 CNY
    Liabilities:CreditCard:ICBC-8393                 -22.76 CNY


2026-06-10 * "中国移动" "话费自动充值"
    source: "ALiPay"
    pay_time: "2026-06-10 07:03:34"
    deal_no: "2026061022001492651433778655"
    order_id: "2026061022001492651433778655"
    merchant_id: "00952026061007033413355605299704"
    category: "充值缴费"
    type: "支出"
    method: "工商银行信用卡(8393)&工商银行立减金"
    status: "交易成功"
    Expenses:Utilities:Phone                          29.89 CNY
    Liabilities:CreditCard:ICBC-8393                 -29.89 CNY


2026-06-10 * "苏州创欣博信息科技有限公司" "超值大礼包"
    source: "ALiPay"
    pay_time: "2026-06-10 12:26:20"
    deal_no: "2026061022001492651434269262"
    order_id: "2026061022001492651434269262"
    merchant_id: "dJCRQ202606101781065558347074"
    category: "其他"
    type: "支出"
    method: "工商银行信用卡(8393)&工商银行立减金"
    status: "交易成功"
    Expenses:Tech:Subscriptions:Proxy                 14.18 CNY
    Liabilities:CreditCard:ICBC-8393                 -14.18 CNY


2026-06-11 * "零食很忙" "南阳市宛城区栗尧食品销售店(个体工商户)"
    source: "ALiPay"
    pay_time: "2026-06-11 21:12:36"
    deal_no: "2026061123001492651443946612"
    order_id: "2026061123001492651443946612"
    merchant_id: "99106600004857000220260611MM8jc8mh"
    category: "餐饮美食"
    type: "支出"
    method: "工商银行信用卡(8393)"
    status: "交易成功"
    Expenses:Food:Snacks                              11.27 CNY
    Liabilities:CreditCard:ICBC-8393                 -11.27 CNY


2026-06-12 * "ICBC" "ICBCVisaMerchantRebate"
    Liabilities:CreditCard:ICBC-5788                   0.72 USD
    Income:Rebates                                    -0.72 USD


2026-06-13 * "零食很忙" "南阳市卧龙区雅涵食品商贸行(个体工商户)"
    source: "ALiPay"
    pay_time: "2026-06-13 18:42:38"
    deal_no: "2026061323001492651455835276"
    order_id: "2026061323001492651455835276"
    merchant_id: "37106600004857000220260613MMb4cueq"
    category: "餐饮美食"
    type: "支出"
    method: "工商银行信用卡(8393)&工商银行立减金"
    status: "交易成功"
    Expenses:Food:Snacks                              14.48 CNY
    Liabilities:CreditCard:ICBC-8393                 -14.48 CNY


2026-06-14 * "中国工商银行" "余额宝-转出到银行卡"
    source: "ALiPay"
    pay_time: "2026-06-14 20:14:54"
    deal_no: "20260614019130201010650034891432"
    order_id: "20260614019130201010650034891432"
    merchant_id: "LC2026061420145420885229093926527938"
    category: "投资理财"
    type: "不计收支"
    method: "中国工商银行储蓄卡(4931)"
    status: "交易成功"
    Assets:DebitCard:ICBC:4931                       164.59 CNY
    Assets:MMF:Alipay:YuEBao                        -164.59 CNY


2026-06-14 * "中国工商银行" "信用卡提前还款"
    source: "ALiPay"
    pay_time: "2026-06-14 20:14:54"
    deal_no: "20260614019130201010650034891432"
    order_id: "20260614019130201010650034891432"
    merchant_id: "LC2026061420145420885229093926527938"
    category: "投资理财"
    type: "不计收支"
    method: "中国工商银行储蓄卡(4931)"
    status: "交易成功"
    Liabilities:CreditCard:ICBC-5788                  24.28 USD @@ 164.59 CNY
    Assets:DebitCard:ICBC:4931                      -164.59 CNY


2026-06-14 * "零食很忙" "南阳市卧龙区雅涵食品商贸行(个体工商户)"
    source: "WeChat"
    pay_time: "2026-06-14"
    merchant_id: "20260614MMcju49u"
    tx_type: "商户消费"
    method: "工商银行信用卡(8393)"
    status: "支付成功"
    order_id: "4200003099202606146878202879"
    Expenses:Food:Snacks                              20.97 CNY
    Liabilities:CreditCard:ICBC-8393                 -20.97 CNY


2026-06-16 * "中国移动" "话费自动充值"
    source: "ALiPay"
    pay_time: "2026-06-16 01:25:23"
    deal_no: "2026061622001492651410514267"
    order_id: "2026061622001492651410514267"
    merchant_id: "00952026061601252357957354499704"
    category: "充值缴费"
    type: "支出"
    method: "工商银行信用卡(8393)&工商银行立减金"
    status: "交易成功"
    Expenses:Utilities:Phone:Domestic                    29.89 CNY
    Liabilities:CreditCard:ICBC-8393                    -29.89 CNY


2026-06-19 * "iCloud 由云上贵州运营" "iCloud；06.19购买"
    source: "ALiPay"
    pay_time: "2026-06-19 11:06:16"
    deal_no: "2026061922001492651429966473"
    order_id: "2026061922001492651429966473"
    merchant_id: "MQVQZTX0V9a0"
    category: "文化休闲"
    type: "支出"
    method: "工商银行信用卡(8393)"
    status: "交易成功"
    Expenses:Tech:Subscriptions:ICloud                    6.00 CNY
    Liabilities:CreditCard:ICBC-8393                     -6.00 CNY


2026-06-19 * "si**店" "Sinloy/辛鹿 挂耳咖啡 多风味精品现磨咖啡粉 云南咖啡鲜烘焙20杯"
    source: "ALiPay"
    pay_time: "2026-06-19 13:11:53"
    deal_no: "20260619300000015392651244308684"
    order_id: "20260619300000015392651244308684"
    merchant_id: "T200P5120123797983041739"
    category: "餐饮美食"
    type: "支出"
    method: "工商银行信用卡(8393)"
    status: "支付成功"
     Expenses:Food:Groceries                             32.11 CNY
    Liabilities:CreditCard:ICBC-8393                    -32.11 CNY


2026-06-19 * "修泰**店" "维福佳维生素C片医用补维生素C药片vc片预防坏血病otc维c搭b6正品"
    source: "ALiPay"
    pay_time: "2026-06-19 13:11:44"
    deal_no: "20260619300000015392651243246833"
    order_id: "20260619300000015392651243246833"
    merchant_id: "T200P5119601799947005729"
    category: "医疗健康"
    type: "支出"
    method: "工商银行信用卡(8393)"
    status: "支付成功"
    Expenses:Health:Supplements ;                         5.94 CNY
    Liabilities:CreditCard:ICBC-8393                     -5.94 CNY


2026-06-19 * "博音**店" "博音适用ipad苹果macbook屏幕清洁湿巾电脑笔记本清洗剂擦拭布专用液晶显示器平板无酒精棉片神器手机异丙醇"
    source: "ALiPay"
    pay_time: "2026-06-19 12:42:12"
    deal_no: "2026061923001192651434266470"
    order_id: "2026061923001192651434266470"
    merchant_id: "T200P5120889589521005729"
    category: "数码电器"
    type: "支出"
    method: "工商银行信用卡(8393)"
    status: "支付成功"
    Expenses:Electronics:Accessories                     22.70 CNY
    Liabilities:CreditCard:ICBC-8393                    -22.70 CNY


2026-06-16 * "零食很忙" "南阳市宛城区栗尧食品销售店(个体工商户)"
    source: "WeChat"
    pay_time: "2026-06-16"
    merchant_id: "20260616MMfbakp8"
    tx_type: "商户消费"
    method: "工商银行信用卡(8393)"
    status: "支付成功"
    order_id: "4200003106202606162627315881"
    Expenses:Food:Snacks                                 15.19 CNY
    Liabilities:CreditCard:ICBC-8393                    -15.19 CNY


2026-06-17 * "零食很忙" "南阳市宛城区栗尧食品销售店(个体工商户)"
    source: "WeChat"
    pay_time: "2026-06-17"
    merchant_id: "20260617MMgot6kt"
    tx_type: "商户消费"
    method: "工商银行信用卡(8393)"
    status: "支付成功"
    order_id: "4200003156202606174021941921"
    Expenses:Food:Snacks                                 22.10 CNY
    Liabilities:CreditCard:ICBC-8393                    -22.10 CNY
